@inproceedings{langley00,
 author    = {P. Langley},
 title     = {Crafting Papers on Machine Learning},
 year      = {2000},
 pages     = {1207--1216},
 editor    = {Pat Langley},
 booktitle     = {Proceedings of the 17th International Conference
              on Machine Learning (ICML 2000)},
 address   = {Stanford, CA},
 publisher = {Morgan Kaufmann}
}

@TechReport{mitchell80,
  author = 	 "T. M. Mitchell",
  title = 	 "The Need for Biases in Learning Generalizations",
  institution =  "Computer Science Department, Rutgers University",
  year = 	 "1980",
  address =	 "New Brunswick, MA",
}

@phdthesis{kearns89,
  author = {M. J. Kearns},
  title =  {Computational Complexity of Machine Learning},
  school = {Department of Computer Science, Harvard University},
  year =   {1989}
}

@Book{MachineLearningI,
  editor = 	 "R. S. Michalski and J. G. Carbonell and T.
		  M. Mitchell",
  title = 	 "Machine Learning: An Artificial Intelligence
		  Approach, Vol. I",
  publisher = 	 "Tioga",
  year = 	 "1983",
  address =	 "Palo Alto, CA"
}
@misc{anonymous,
  title= {Suppressed for Anonymity},
  author= {Author, N. N.},
  year= {2020}
}

@InCollection{Newell81,
  author =       "A. Newell and P. S. Rosenbloom",
  title =        "Mechanisms of Skill Acquisition and the Law of
                  Practice", 
  booktitle =    "Cognitive Skills and Their Acquisition",
  pages =        "1--51",
  publisher =    "Lawrence Erlbaum Associates, Inc.",
  year =         "1981",
  editor =       "J. R. Anderson",
  chapter =      "1",
  address =      "Hillsdale, NJ"
}


@Article{Samuel59,
  author = 	 "A. L. Samuel",
  title = 	 "Some Studies in Machine Learning Using the Game of
		  Checkers",
  journal =	 "IBM Journal of Research and Development",
  year =	 "1959",
  volume =	 "3",
  number =	 "3",
  pages =	 "211--229"
}














@Book{TLIP,
  author =       "Alexander Schrijver",
  title =        "Theory of Linear and Integer Programming",
  publisher =    "John Wiley \& Sons",
  year =         "1986"
}

@Book{LPE,
  author =       "George B. Dantzig",
  title =        "Linear Programming and Extensions",
  publisher =    "Princeton University Press",
  year =         "August 1963"
}

@Book{UULP,
  author =       "Jiri Matousek, Bernd GÃ¤rtner",
  title =        "Understanding and Using Linear Programming",
  publisher =    "Springer Science \& Business Media",
  year =         "2007"
}

@article{NFPR,
 ISSN = {0364765X, 15265471},
 URL = {http://www.jstor.org/stable/3689647},
 abstract = {A simple proof of finiteness is given for the simplex method under an easily described pivoting rule. A second new finite version of the simplex method is also presented.},
 author = {Robert G. Bland},
 journal = {Mathematics of Operations Research},
 number = {2},
 pages = {103--107},
 publisher = {INFORMS},
 title = {New Finite Pivoting Rules for the Simplex Method},
 volume = {2},
 year = {1977}
}

